<record><leader>00000cas a22000007a 4500</leader><controlfield tag="001">798930568</controlfield><controlfield tag="008">120712c20129999txuwr n       0   a0eng  </controlfield><controlfield tag="009">466</controlfield><datafield ind1=" " ind2=" " tag="010"><subfield code="a">  2012203345</subfield></datafield><datafield ind1=" " ind2=" " tag="040"><subfield code="a">DLC</subfield><subfield code="b">eng</subfield><subfield code="c">DLC</subfield><subfield code="d">DLC</subfield></datafield><datafield ind1=" " ind2=" " tag="012"><subfield code="m">1</subfield></datafield><datafield ind1="0" ind2=" " tag="022"><subfield code="a">2168-7129</subfield><subfield code="y">0746-5459</subfield><subfield code="2">1</subfield></datafield><datafield ind1=" " ind2=" " tag="032"><subfield code="a">706130</subfield><subfield code="b">USPS</subfield></datafield><datafield ind1=" " ind2=" " tag="037"><subfield code="b">Jeff Latcham, 202 S. Commercial, Goliad, TX 77963-4189</subfield></datafield><datafield ind1=" " ind2=" " tag="042"><subfield code="a">nsdp</subfield><subfield code="a">pcc</subfield></datafield><datafield ind1="1" ind2="0" tag="050"><subfield code="a">ISSN RECORD</subfield></datafield><datafield ind1="1" ind2="0" tag="082"><subfield code="a">070</subfield><subfield code="2">15</subfield></datafield><datafield ind1="0" ind2=" " tag="130"><subfield code="a">Goliad advance-guard (2012)</subfield></datafield><datafield ind1=" " ind2="0" tag="222"><subfield code="a">Goliad advance-guard</subfield><subfield code="b">(2012)</subfield></datafield><datafield ind1="1" ind2="0" tag="245"><subfield code="a">Goliad advance-guard.</subfield></datafield><datafield ind1=" " ind2=" " tag="260"><subfield code="a">Goliad, TX :</subfield><subfield code="b">Jeff Latcham</subfield></datafield><datafield ind1=" " ind2=" " tag="310"><subfield code="a">Weekly</subfield></datafield><datafield ind1="1" ind2=" " tag="362"><subfield code="a">Began with June 20, 2012?</subfield></datafield><datafield ind1=" " ind2=" " tag="500"><subfield code="a">Not a continuation of the original Goliad advance-guard (ISSN 0745-9408), published from 1870 until approximately 1992.</subfield></datafield><datafield ind1=" " ind2=" " tag="588"><subfield code="a">Description based on: June 20, 2012 (surrogate); title from caption.</subfield></datafield><datafield ind1="0" ind2="0" tag="780"><subfield code="t">Texan express</subfield><subfield code="x">0746-5459</subfield><subfield code="w">(DLC)sn 83003228</subfield><subfield code="w">(OCoLC)10125349</subfield></datafield></record>